@source{mqtt5spec,
  title = {MQTT 5 Specification},
  url   = {https://docs.oasis-open.org/mqtt/mqtt/v5.0/mqtt-v5.0.pdf},
  year  = {01.01.1970}
}

@source{mqtt3spec,
  title = {MQTT 3.1.1 Specification},
  url   = {http://docs.oasis-open.org/mqtt/mqtt/v3.1.1/os/mqtt-v3.1.1-os.pdf},
  year  = {01.01.1970}
}

@source{kotlindocs,
  title = {Kotlin - dokumentacja},
  url   = {https://kotlinlang.org/docs/home.html},
  year  = {01.01.1970}
}

@source{jetpackdocs,
  title = {Jetpack Compose - dokumentacja},
  url   = {https://developer.android.com/develop/ui/compose/documentation},
  year  = {01.01.1970}
}

@source{hivemqdocs,
  title = {HiveMQ MQTT Client - dokumentacja},
  url   = {https://hivemq.github.io/hivemq-mqtt-client},
  year  = {01.01.1970}
}

@source{materialdesign3,
  title = {Material Design 3},
  url   = {https://m3.material.io/},
  year  = {01.01.1970}
}

@source{materialdesign2,
  title = {Material Design 2},
  url   = {https://m2.material.io/},
  year  = {01.01.1970}
}

@source{androidstudio,
  title = {Android Studio},
  url   = {https://developer.android.com/develop},
  year  = {01.01.1970}
}

@source{androiddeveloper,
  title = {Android Developer - Design \& Plan},
  url   = {https://developer.android.com/design},
  year  = {01.01.1970}
}

@source{googleplay,
  title = {Google Play - developer content policy},
  url   = {https://play.google/developer-content-policy},
  year  = {01.01.1970}
}

@source{fasterxmldocs,
  title = {FasterXML Jackson Module Kotlin - dokumentacja},
  url   = {https://github.com/FasterXML/jackson-module-kotlin},
  year  = {01.01.1970}
}

@source{gitdocs,
  title = {Git - dokumentacja},
  url   = {https://git-scm.com/docs},
  year  = {01.01.1970}
}

@source{getstartedfirebase,
  title = {Get started with Firebase Crashlytics},
  url   = {https://firebase.google.com/docs/crashlytics/get-started?platform=android},
  year  = {01.01.1970}
}

@source{sentrydocs,
  title = {Sentry Android - dokumentacja},
  url   = {https://docs.sentry.io/platforms/android},
  year  = {01.01.1970}
}

@source{mosquittodocs,
  title = {Mosquitto - dokumentacja},
  url   = {https://mosquitto.org/documentation},
  year  = {01.01.1970}
}

@source{dockerdocs,
  title = {Docker - dokumentacja},
  url   = {https://docs.docker.com},
  year  = {01.01.1970}
}

@source{recyclerview,
  title = {Create dynamic lists with RecyclerView},
  url   = {https://developer.android.com/develop/ui/views/layout/recyclerview},
  year  = {01.01.1970}
}

@source{latex,
  title = {Latex - dokumentacja},
  url   = {https://www.latex-project.org/help/documentation},
  year  = {01.01.1970}
}

@source{agilemanifesto,
  title = {Agile Manifesto},
  url   = {https://agilemanifesto.org},
  year  = {01.01.1970}
}

@source{waterfall,
  title = {Waterfall Methodology: A Complete Guide},
  url   = {https://business.adobe.com/blog/basics/waterfall},
  year  = {01.01.1970}
}

@source{amazonoutage,
  title = {BBC - AWS: Amazon web outage breaks vacuums and doorbells},
  url   = {https://www.bbc.com/news/technology-55087054},
  year  = {01.01.1970}
}

@source{gnumanifesto,
  title = {The GNU Manifesto - Why All Computer Users Will Benefit},
  url   = {https://www.gnu.org/gnu/manifesto.en.html\#benefit},
  year  = {01.01.1970}
}

@source{statistaconnecteddevices,
  title = {Number of IoT connected devices worldwide from 2019 to 2033},
  url   = {https://www.statista.com/statistics/1194682/iot-connected-devices-vertically},
  year  = {01.01.1970}
}

@source{iotstatistasmarthome,
  title = {Number of users of smart homes worldwide from 2019 to 2028},
  url   = {https://www.statista.com/forecasts/887613},
  year  = {01.01.1970}
}

@source{mqttincreasedadoption,
  title = {Latest Research Shows MQTT is Seeing Increased Adoption in IoT},
  url   = {https://www.hivemq.com/blog/latest-research-shows-mqtt-seeing-increased-adoption-iot-iiot},
  year  = {01.01.1970}
}

@source{mqttadoptionishigh,
  title = {2022 Survey Shows MQTT Adoption is High for Industry 4.0},
  url   = {https://www.hivemq.com/blog/2022-survey-shows-mqtt-adoption-is-high-for-industry},
  year  = {01.01.1970}
}

@source{gradledocs,
  title = {Gradle - dokumentacja},
  url   = {https://docs.gradle.org/current/userguide/userguide.html},
  year  = {01.01.1970}
}

@source{fgstyperequired,
  title = {Foreground service types are required},
  url   = {https://developer.android.com/about/versions/14/changes/fgs-types-required},
  year  = {01.01.1970}
}

@source{mqtt5part2,
  title = {MQTT 5 Vs. MQTT 3 â€“ MQTT 5 Essentials Part 2},
  url   = {https://www.hivemq.com/blog/mqtt5-essentials-part2-foundational-changes-in-the-protocol/},
  year  = {01.01.1970}
}

@source{mqtt5part1,
  title = {Introduction to MQTT 5 Protocol - MQTT 5 Essentials Part 1},
  url   = {https://www.hivemq.com/blog/mqtt5-essentials-part1-introduction-to-mqtt-5/},
  year  = {01.01.1970}
}

@source{rolnictwoprecyzyjne,
  title = {The Precision Agriculture Based on Wireless Sensor Network with MQTT Protocol},
  url   = {https://iopscience.iop.org/article/10.1088/1755-1315/207/1/012059},
  year  = {01.01.1970}
}